<record><leader>00000cas a2200000 a 4500</leader><controlfield tag="001">19075655</controlfield><controlfield tag="008">890127d19031922tnuwr ne      0    0eng d</controlfield><datafield ind1=" " ind2=" " tag="010"><subfield code="a">sn 89058133 </subfield></datafield><datafield ind1=" " ind2=" " tag="040"><subfield code="a">KNP</subfield><subfield code="b">eng</subfield><subfield code="c">KNP</subfield><subfield code="d">TGN</subfield><subfield code="d">OCL</subfield><subfield code="d">OCLCQ</subfield><subfield code="d">OCLCF</subfield><subfield code="d">OCLCO</subfield></datafield><datafield ind1=" " ind2=" " tag="042"><subfield code="a">msc</subfield></datafield><datafield ind1=" " ind2=" " tag="043"><subfield code="a">n-us-tn</subfield></datafield><datafield ind1="0" ind2=" " tag="130"><subfield code="a">Putnam County herald (Cookeville, Tenn. : 1903)</subfield></datafield><datafield ind1="1" ind2="0" tag="245"><subfield code="a">Putnam County herald.</subfield></datafield><datafield ind1=" " ind2=" " tag="260"><subfield code="a">Cookeville, Tenn. :</subfield><subfield code="b">Elmer L. Wirt,</subfield><subfield code="c">1903-1922.</subfield></datafield><datafield ind1=" " ind2=" " tag="300"><subfield code="a">v. :</subfield><subfield code="b">ill.</subfield></datafield><datafield ind1=" " ind2=" " tag="310"><subfield code="a">Weekly</subfield></datafield><datafield ind1="0" ind2=" " tag="362"><subfield code="a">Vol. 1, no. 1 (Feb. 11, 1903)-v. 20, no. 40 (Oct. 5, 1922).</subfield></datafield><datafield ind1=" " ind2=" " tag="500"><subfield code="a">Publishers: Elmer L. Wirt, 1903-&lt;1906&gt;; Wirt &amp; Son, &lt;1907&gt;-1915; Herald Pub. Co., 1915-1922.</subfield></datafield><datafield ind1=" " ind2=" " tag="515"><subfield code="a">Suspended: &lt;May-Nov. 1906&gt;</subfield></datafield><datafield ind1=" " ind2="0" tag="651"><subfield code="a">Cookeville (Tenn.)</subfield><subfield code="v">Newspapers.</subfield></datafield><datafield ind1=" " ind2="0" tag="651"><subfield code="a">Putnam County (Tenn.)</subfield><subfield code="v">Newspapers.</subfield></datafield><datafield ind1=" " ind2="7" tag="655"><subfield code="a">Newspapers.</subfield><subfield code="2">fast</subfield><subfield code="0">(OCoLC)fst01423814</subfield></datafield><datafield ind1=" " ind2="7" tag="651"><subfield code="a">Tennessee</subfield><subfield code="z">Cookeville.</subfield><subfield code="2">fast</subfield><subfield code="0">(OCoLC)fst01208239</subfield></datafield><datafield ind1=" " ind2="7" tag="651"><subfield code="a">Tennessee</subfield><subfield code="z">Putnam County.</subfield><subfield code="2">fast</subfield><subfield code="0">(OCoLC)fst01222603</subfield></datafield><datafield ind1=" " ind2=" " tag="752"><subfield code="a">United States</subfield><subfield code="b">Tennessee</subfield><subfield code="c">Putnam</subfield><subfield code="d">Cookeville.</subfield></datafield><datafield ind1="0" ind2="0" tag="785"><subfield code="a">Semi-weekly Putnam County herald</subfield><subfield code="w">(DLC)sn 89058134</subfield></datafield></record>